@article{Zittermann2011,
  year      = {2011},
  month     = dec,
  publisher = {Oxford University Press ({OUP})},
  volume    = {95},
  number    = {1},
  pages     = {91-100},
  author    = {Armin Zittermann and Simona Iodice and Stefan Pilz and William B Grant and Vincenzo Bagnardi and Sara Gandini},
  title     = {Vitamin D deficiency and mortality risk in the general population: a meta-analysis of prospective cohort studies},
  journal   = {The American Journal of Clinical Nutrition}
}
@article{Afzal2013,
  year      = {2013},
  month     = jul,
  publisher = {Wiley},
  volume    = {10},
  number    = {3},
  pages     = {296-302},
  author    = {Shoaib Afzal and Stig E. Bojesen and B$\oslash$rge G. Nordestgaard},
  title     = {Reduced 25-hydroxyvitamin D and risk of Alzheimer{\textquotesingle}s disease and vascular dementia},
  journal   = {Alzheimer{\textquotesingle}s {\&} Dementia}
}
@article{KRAVIETZ201750,
  title    = {Association of UV radiation with Parkinson disease incidence: A nationwide French ecologic study},
  journal  = {Environmental Research},
  volume   = {154},
  pages    = {50 - 56},
  year     = {2017},
  issn     = {0013-9351},
  author   = {Adam Kravietz and Sofiane Kab and Lucien Wald and Aline Dugravot and Archana Singh-Manoux and Frédéric Moisan and Alexis Elbaz},
  keywords = {Parkinson's disease, Incidence, Ultraviolet, Vitamin D}
}
@techreport{2002,
  title  = {{Global Solar UV Index: A Practical Guide}},
  author = {WHO},
  year   = {2002}
}
@article{Zhang2010,
  doi       = {10.1186/1475-2891-9-65},
  year      = {2010},
  month     = dec,
  publisher = {Springer Science and Business Media {LLC}},
  volume    = {9},
  number    = {1},
  author    = {Ran Zhang and Declan P Naughton},
  title     = {Vitamin D in health and disease: Current perspectives},
  journal   = {Nutrition Journal}
}
@incollection{brunser_radiacion_2005,
  title     = {Radiación ultravioleta y vitamina D},
  isbn      = {9789561117907},
  publisher = {Ed. Universitaria Ed. Cabrera, S. Lissi, E. y Honeyman, J.},
  author    = {{Brunser, O.}},
  year      = {2005},
  chapter   = {11 Radiación ultravioleta y Salud},
  pages     = {295 pp}
}
@article{Olds2008,
  year      = {2008},
  month     = nov,
  publisher = {Elsevier {BV}},
  volume    = {93},
  number    = {2},
  pages     = {88-93},
  author    = {William J. Olds and Alex R. McKinley and Michael R. Moore and Michael G. Kimlin},
  title     = {In vitro model of vitamin D3 (Cholecalciferol) synthesis by {UV} radiation: Dose{\textendash}response relationships},
  journal   = {Journal of Photochemistry and Photobiology B: Biology}
}
@incollection{cabrera_radiacion_2005,
  title     = {Radiación ultravioleta y vitamina D},
  isbn      = {9789561117907},
  publisher = {Ed. Universitaria Ed. Cabrera, S. Lissi, E. y Honeyman, J.},
  author    = {{Cabrera, S.}},
  year      = {2005},
  chapter   = {7 Radiación ultravioleta y Salud},
  pages     = {88 pp},
  note      = {7}
}
@article{Gilaberte2011,
  year      = {2011},
  month     = oct,
  publisher = {Elsevier {BV}},
  volume    = {102},
  number    = {8},
  pages     = {572-588},
  author    = {Y. Gilaberte and J. Aguilera and J.M. Carrascosa and F.L. Figueroa and J. Roman{\'{\i}} de Gabriel and E. Nagore},
  title     = {La vitamina D: evidencias y controversias},
  journal   = {Actas Dermo-Sifiliogr{\'{a}}ficas}
}
@article{Modenese2016,
  year      = {2016},
  month     = oct,
  publisher = {Nofer Institute of Occupational Medicine},
  volume    = {67},
  number    = {5},
  pages     = {577-587},
  author    = {Alberto Modenese and Fabio Bisegna and Massimo Borra and Carlo Grandi and Franco Gugliermetti and Andrea Militello and Fabriziomaria Gobba},
  title     = {Outdoor work and solar radiation exposure: Evaluation method for epidemiological studies},
  journal   = {Medycyna Pracy}
}
@book{UVDoses,
  title  = {Nomenclature for UV Doses and Effects on Humans},
  author = {{CIE 209:2014}},
  year   = {2014},
  isbn   = {978-3902842350},
  pages  = 211
}
@article{Fitzpatrick1988,
  year      = {1988},
  month     = jun,
  publisher = {American Medical Association ({AMA})},
  volume    = {124},
  number    = {6},
  pages     = {869-871},
  author    = {T. B. Fitzpatrick},
  title     = {The validity and practicality of sun-reactive skin types I through {VI}},
  journal   = {Archives of Dermatology}
}
@article{Madronich1987,
  year      = {1987},
  month     = jan,
  publisher = {Elsevier {BV}},
  volume    = {21},
  number    = {3},
  pages     = {569-578},
  author    = {Saha Madronich},
  title     = {Intercomparison of {NO}2 photodissociation and U.V. Radiometer Measurements},
  journal   = {Atmospheric Environment (1967)}
}
@article{Herman2010,
  year      = {2010},
  publisher = {American Geophysical Union ({AGU})},
  volume    = {115},
  number    = {D23},
  author    = {Jay R. Herman},
  title     = {Use of an improved radiation amplification factor to estimate the effect of total ozone changes on action spectrum weighted irradiances and an instrument response function},
  journal   = {Journal of Geophysical Research}
}
@article{IPINA2012966,
  title   = {Satellite and ground detection of very dense smoke clouds produced on the islands of the Paraná river delta that affected a large region in Central Argentina},
  journal = {Advances in Space Research},
  volume  = {49},
  number  = {5},
  pages   = {966 - 977},
  year    = {2012},
  issn    = {0273-1177},
  author  = {A. Ipiña and G.M. Salum and E. Crinó and R.D. Piacentini}
}
@article{Diaz2011,
  year      = {2011},
  publisher = {Royal Society of Chemistry ({RSC})},
  volume    = {10},
  number    = {12},
  pages     = {1854},
  author    = {Susana Diaz and Maria Vernet and Alejandro Paladini and Humberto Fuenzalida and Guillermo Deferrari and Charles R. Booth and Sergio Cabrera and Claudio Casiccia and Maria Dieguez and Charlotte Lovengreen and Jorge Pedroni and Alejandro Rosales and Jazmin Vrsalovic},
  title     = {Availability of vitamin D photoconversion weighted {UV} radiation in southern South America},
  journal   = {Photochemical {\&} Photobiological Sciences}
}
@inbook{LuChenHolick_2019,
  author    = {Z Lu and T.C. Chen and M.F. Holick},
  editor    = {Michael F. Holick and Albert M. Kligman},
  title     = {Influence of Season and Time of Day on the Synthesis of Vitamin D3},
  booktitle = {Biologic Effects of Light},
  year      = {2019},
  publisher = {De Gruyter},
  pages     = {53-56}
}
@article{Fioletov_2010,
  year      = {2010},
  month     = aug,
  publisher = {Elsevier {BV}},
  volume    = {100},
  number    = {2},
  pages     = {57-66},
  author    = {V.E. Fioletov and L.J.B. McArthur and T.W. Mathews and L. Marrett},
  title     = {Estimated ultraviolet exposure levels for a sufficient vitamin D status in North America},
  journal   = {Journal of Photochemistry and Photobiology B: Biology}
}
@article{Dowdy_2010,
  year      = {2010},
  publisher = {Elsevier {BV}},
  volume    = {121},
  number    = {1-2},
  pages     = {328--330},
  author    = {John C. Dowdy and Robert M. Sayre and Michael F. Holick},
  title     = {Holick{\textquotesingle}s rule and vitamin D from sunlight},
  journal   = {The Journal of Steroid Biochemistry and Molecular Biology}
}
@book{Biesalski_2002,
  year      = {2002},
  publisher = {Georg Thieme Verlag},
  editor    = {Hans Konrad Biesalski and Josef K\"{o}hrle and Klaus Sch\"{u}mann},
  title     = {Vitamine,  Spurenelemente und Mineralstoffe}
}
@article{bikle_2014,
  title   = {Vitamin D Metabolism, Mechanism of Action, and Clinical Applications},
  journal = {Chemistry \& Biology},
  volume  = {21},
  number  = {3},
  pages   = {319-329},
  year    = {2014},
  issn    = {1074-5521},
  author  = {Daniel D. Bikle}
}
@article{zuluga_2011,
  title   = {Vitamina D: nuevos paradigmas},
  volume  = {17},
  number  = {5-6},
  journal = {Medicina y Laboratorio},
  author  = {Zuluaga Espinosa, Nora Alejandra and Alfaro Velásquez, Juan Manuel and Balthazar González, Vital and Jiménez Blanco, Ketzzy Enith and Campuzano Maya, Germán},
  year    = {2011},
  month   = {may}
}
@article{pozzo_2005,
  author  = {Pozzo, María Josefina},
  title   = {Vitamina D: Acciones no clásicas},
  journal = {Actualizaciones en Osteología},
  volume  = {1},
  pages   = {28-33},
  year    = {2005}
}
@article{Ishikawa_2016,
  year      = {2016},
  month     = aug,
  publisher = {Springer Science and Business Media {LLC}},
  volume    = {52},
  number    = {3},
  pages     = {373-388},
  author    = {Larissa Lumi Watanabe Ishikawa and Priscila Maria Colavite and Thais Fernanda de Campos Fraga-Silva and Luiza Ayumi Nishiyama Mimura and Thais Graziela Doneg{\'{a}} Fran{\c{c}}a and Sofia Fernanda Gon{\c{c}}alves Zorzella-Pezavento and Fernanda Chiuso-Minicucci and Larissa Doddi Marcolino and Marcimara Penitenti and Maura Rosane Valerio Ikoma and Alexandrina Sartori},
  title     = {Vitamin D Deficiency and Rheumatoid Arthritis},
  journal   = {Clinical Reviews in Allergy {\&} Immunology}
}
@article{Mercola2020,
  year      = {2020},
  publisher = {{MDPI} {AG}},
  volume    = {12},
  number    = {11},
  pages     = {3361},
  author    = {Joseph Mercola and William B. Grant and Carol L. Wagner},
  title     = {Evidence Regarding Vitamin D and Risk of {COVID}-19 and Its Severity},
  journal   = {Nutrients}
}
@book{Holick_1989,
  author    = {Michael F Holick},
  title     = {Phylogenetic and evolutionary aspects of vitamin D from phytoplankton to humans. Vertebrate endocrinology: fundamentals and biomedical implications},
  volume    = {3},
  pages     = {7-43},
  publisher = {FL: Academic Press},
  year      = {1989}
}
@article{Afzal_2013,
  year      = {2013},
  month     = jul,
  publisher = {Wiley},
  volume    = {10},
  number    = {3},
  pages     = {296--302},
  author    = {Shoaib Afzal and Stig E. Bojesen and B$\oslash$rge G. Nordestgaard},
  title     = {Reduced 25-hydroxyvitamin D and risk of Alzheimer{\textquotesingle}s disease and vascular dementia},
  journal   = {Alzheimer{\textquotesingle}s {\&} Dementia}
}
@article{Kravietz_2017,
  year      = {2017},
  month     = apr,
  publisher = {Elsevier {BV}},
  volume    = {154},
  pages     = {50--56},
  author    = {Adam Kravietz and Sofiane Kab and Lucien Wald and Aline Dugravot and Archana Singh-Manoux and Fr{\'{e}}d{\'{e}}ric Moisan and Alexis Elbaz},
  title     = {Association of {UV} radiation with Parkinson disease incidence: A nationwide French ecologic study},
  journal   = {Environmental Research}
}